<?xml version="1.0" encoding="UTF-8"?><collection xmlns="http://www.loc.gov/MARC21/slim"><record><leader>00395nam--2200133-i-4500</leader><controlfield tag="001">000018341</controlfield><controlfield tag="002">20161230</controlfield><controlfield tag="005">20161230201032</controlfield><controlfield tag="008">060222s1000------------r-----000-0-eng-d</controlfield><datafield ind1=" " ind2=" " tag="100"><subfield code="a">Djerassi, Carl</subfield></datafield><datafield ind1=" " ind2=" " tag="245"><subfield code="a">Optical rotatory distersion.applications to organic chemistry</subfield></datafield><datafield ind1=" " ind2=" " tag="260"><subfield code="a">New York, Mcgraw-hill, 1960. Xiii + 293 P</subfield></datafield><datafield ind1=" " ind2=" " tag="490"><subfield code="a">Mcgraw-hill Series In Advanced Chemistry</subfield></datafield><datafield ind1=" " ind2=" " tag="852"><subfield code="a">15633</subfield></datafield></record></collection>